<?xml version="1.0" encoding="UTF-8"?>
<collection xmlns:xsi="http://www.w3.org/2001/XMLSchema-instance" xsi:schemaLocation="http://www.loc.gov/MARC21/slim http://www.loc.gov/standards/marcxml/schema/MARC21slim.xsd" xmlns="http://www.loc.gov/MARC21/slim">
<record>
  <leader>01165cam a2200253 a 4500</leader>
  <controlfield tag="001">3079316</controlfield>
  <controlfield tag="003">NNC</controlfield>
  <controlfield tag="005">20130426015907.0</controlfield>
  <controlfield tag="008">940113s1890    ir            000 0 araod</controlfield>
  <datafield tag="035" ind1=" " ind2=" ">
    <subfield code="a">(OCoLC)ocm29745537</subfield>
  </datafield>
  <datafield tag="035" ind1=" " ind2=" ">
    <subfield code="9">ATQ4196CU</subfield>
  </datafield>
  <datafield tag="035" ind1=" " ind2=" ">
    <subfield code="a">(NNC)3079316</subfield>
  </datafield>
  <datafield tag="040" ind1=" " ind2=" ">
    <subfield code="a">PUL</subfield>
    <subfield code="c">PUL</subfield>
    <subfield code="d">OSU</subfield>
    <subfield code="d">ZCU</subfield>
  </datafield>
  <datafield tag="099" ind1=" " ind2=" ">
    <subfield code="a">893.74</subfield>
    <subfield code="a">Sa233</subfield>
  </datafield>
  <datafield tag="100" ind1="1" ind2=" ">
    <subfield code="a">Ibn Jāndār, Ḥusayn ibn Shihāb al-Dīn,</subfield>
    <subfield code="d">1603 or 1604-1665 or 1666.</subfield>
  </datafield>
  <datafield tag="240" ind1="1" ind2="0">
    <subfield code="a">Shawāhid al-muṭawwal al-musammá bi-ʻUqūd al-durar fī ḥall abyāt al-muṭawwal wa-al-mukhtaṣar</subfield>
  </datafield>
  <datafield tag="245" ind1="1" ind2="0">
    <subfield code="a">Hādhā Shawāhid al-muṭawwal al-musammá bi-ʻUqūd al-durar fī ḥall abyāt al-muṭawwal wa-al-mukhtaṣar /</subfield>
    <subfield code="c">muʾallifihi Ḥusayn ibn Shihāb al-Dīn.</subfield>
  </datafield>
  <datafield tag="260" ind1=" " ind2=" ">
    <subfield code="a">[Tehran :</subfield>
    <subfield code="b">s.n.,</subfield>
    <subfield code="c">1307 i.e. 1890]</subfield>
  </datafield>
  <datafield tag="300" ind1=" " ind2=" ">
    <subfield code="a">1 v. (unpaged) ;</subfield>
    <subfield code="c">18 cm.</subfield>
  </datafield>
  <datafield tag="650" ind1=" " ind2="0">
    <subfield code="a">Arabic language</subfield>
    <subfield code="x">Grammar.</subfield>
  </datafield>
  <datafield tag="600" ind1="1" ind2="0">
    <subfield code="a">Sakkākī, Yūsuf ibn Abī Bakr,</subfield>
    <subfield code="d">1160-</subfield>
    <subfield code="t">Miftāḥ al-ʻulūm.</subfield>
  </datafield>
  <datafield tag="740" ind1="0" ind2="1">
    <subfield code="a">Shawāhid al-muṭawwal al-musammá bi-ʻUqūd al-durar fī ḥall abyāt al-muṭawwal wa-al-mukhtaṣar.</subfield>
  </datafield>
  <datafield tag="740" ind1="0" ind2="1">
    <subfield code="a">ʻUqūd al-durar fī ḥall abyāt al-muṭawwal wa-al-mukhtaṣar.</subfield>
  </datafield>
  <datafield tag="955" ind1=" " ind2=" ">
    <subfield code="b">CU58892206</subfield>
    <subfield code="d">off,glx</subfield>
    <subfield code="e">893.74 Sa233</subfield>
  </datafield>
</record>
</collection>